@book{bredon1993,
    author    = {G. E. Bredon},
    title     = {Topology and Geometry},
    publisher = {Springer Verlag},
    address   = {New York},
    year      = {1993}
}

@book{docarmo1976,
    author    = {M. P. do Carmo},
    title     = {Differential Geometry of Curves and Surfaces},
    publisher = {Prentice-Hall Inc.},
    address   = {New Jersey},
    year      = {1976}
}

@book{donaldsonkronheimer1990,
    author    = {S. K. Donaldson and P. B. Kronheimer},
    title     = {The Geometry of Four-Manifolds},
    publisher = {Oxford University Press},
    address   = {Oxford},
    year      = {1990}
}

@book{freedmanquinn1990,
    author    = {M. H. Freedman and F. Quinn},
    title     = {Topology of 4-Manifolds},
    publisher = {Princeton University Press},
    address   = {New Jersey},
    year      = {1990}
}

@book{hirsch1976,
    author    = {M. W. Hirsch},
    title     = {Differential Topology},
    publisher = {Springer-Verlag},
    address   = {New York},
    year      = {1976}
}

@book{lang1965,
    author    = {S. Lang},
    title     = {Algebra},
    publisher = {Addison-Wesley},
    address   = {Massachusetts},
    year      = {1965}
}

@book{massey1967,
    author    = {W. S. Massey},
    title     = {Algebraic Topology: An Introduction},
    publisher = {Hartcourt, Brace World Inc.},
    year      = {1967}
}

@book{milnor1963,
    author    = {J. Milnor},
    title     = {Morse Theory},
    publisher = {Princeton University Press},
    address   = {New Jersey},
    year      = {1963}
}

@book{milnor-stasheff1974,
    author    = {J. Milnor and J. Stasheff},
    title     = {Characteristic Classes},
    series    = {Annals of Math. Studies, No 76},
    publisher = {Princeton University Press},
    address   = {New Jersey},
    year      = {1974}
}

@book{moise1977,
    author    = {E. E. Moise},
    title     = {Geometric Topology in Dimensions 2 and 3},
    publisher = {Springer-Verlag},
    address   = {New York},
    year      = {1977}
}

@book{rudin1966,
    author    = {W. Rudin},
    title     = {Real and Complex Analysis},
    publisher = {McGraw-Hill},
    address   = {New York},
    year      = {1966}
}

@book{rushing1973,
    author    = {T. B. Rushing},
    title     = {Topological Embeddings},
    publisher = {Academic Press},
    address   = {New York},
    year      = {1973}
}

@book{whitney1957,
    author    = {H. Whitney},
    title     = {Geometric Integration Theory},
    publisher = {Princeton University Press},
    address   = {New York},
    year      = {1957}
}